
%%% ref 
% ref is the ref_title which used in main document for citation
@article{ref,
title ={book name},
author={author name},
year={2001}
}